<?xml version="1.0" encoding="UTF-8"?><record xmlns="http://www.loc.gov/MARC21/slim" xmlns:cinclude="http://apache.org/cocoon/include/1.0" xmlns:zs="http://www.loc.gov/zing/srw/">
  <leader>00556nz  a2200145n  4500</leader>
  <controlfield tag="001">nb2005009976</controlfield>
  <controlfield tag="003">DLC</controlfield>
  <controlfield tag="005">20050721051027.0</controlfield>
  <controlfield tag="008">050720n| acannaabn          |a aaa      </controlfield>
  <datafield tag="010" ind1=" " ind2=" ">
    <subfield code="a">nb2005009976</subfield>
  </datafield>
  <datafield tag="035" ind1=" " ind2=" ">
    <subfield code="a">(Uk)006234109</subfield>
  </datafield>
  <datafield tag="040" ind1=" " ind2=" ">
    <subfield code="a">Uk</subfield>
    <subfield code="b">eng</subfield>
    <subfield code="c">Uk</subfield>
  </datafield>
  <datafield tag="100" ind1="1" ind2=" ">
    <subfield code="a">Joronen, Kirsi</subfield>
  </datafield>
  <datafield tag="400" ind1="1" ind2=" ">
    <subfield code="a">Joronen, K.</subfield>
    <subfield code="q">(Kirsi)</subfield>
  </datafield>
  <datafield tag="670" ind1=" " ind2=" ">
    <subfield code="a">Studies on the role of matrix metalloproteinases and their inhibitors in inflammatory arthritides in the mouse, 2005:</subfield>
    <subfield code="b">t.p. (Kirsi Joronen) p.[99] (K. Joronen; Dept. of Medical Biochemistry &amp; Molecular Biology, Univ. of Turku, Finland)</subfield>
  </datafield>
</record>